@misc{eb-repo,
  howpublished = {\url{ https://github.com/alarmfox/enclave-benchmark
                  } },
  author = {Giuseppe Capasso},
  year = {2025},
  title = {{ Enclave benchmark source code}},
}
@misc{eb-docs,
  howpublished = {\url{ https://alarmfox.github.io/enclave-benchmark/
                  } },
  author = {Giuseppe Capasso},
  year = {2025},
  title = {{ Enclave benchmark docs }},
}
